<record><leader>00000cas a22000007a 4500</leader><controlfield tag="001">9554697</controlfield><controlfield tag="008">830527d18961896ksuwr ne      0    0eng d</controlfield><controlfield tag="009">3789</controlfield><datafield ind1=" " ind2=" " tag="010"><subfield code="a">sn 83040325 </subfield></datafield><datafield ind1=" " ind2=" " tag="040"><subfield code="a">KSH</subfield><subfield code="b">eng</subfield><subfield code="c">KSH</subfield><subfield code="d">NPT</subfield></datafield><datafield ind1="1" ind2=" " tag="029"><subfield code="a">AU@</subfield><subfield code="b">000025794095</subfield></datafield><datafield ind1=" " ind2=" " tag="042"><subfield code="a">msc</subfield></datafield><datafield ind1=" " ind2=" " tag="043"><subfield code="a">n-us-ks</subfield></datafield><datafield ind1="0" ind2="0" tag="245"><subfield code="a">Allen County plaindealer.</subfield></datafield><datafield ind1=" " ind2=" " tag="260"><subfield code="a">Moran, Kan. :</subfield><subfield code="b">[s.n.],</subfield><subfield code="c">1896-</subfield></datafield><datafield ind1=" " ind2=" " tag="300"><subfield code="a">v. :</subfield><subfield code="b">ill. ;</subfield><subfield code="c">55 cm.</subfield></datafield><datafield ind1=" " ind2=" " tag="310"><subfield code="a">Weekly</subfield></datafield><datafield ind1="0" ind2=" " tag="362"><subfield code="a">Vol. 1, no. 22 (Aug. 28, 1896)-</subfield></datafield><datafield ind1="1" ind2=" " tag="362"><subfield code="a">Ceased with Nov. 13, 1896 issue?</subfield></datafield><datafield ind1=" " ind2=" " tag="500"><subfield code="a">"Independent Free Silver", Sept. 4, 1896-.</subfield></datafield><datafield ind1=" " ind2=" " tag="500"><subfield code="a">Editor: O.F. Woods.</subfield></datafield><datafield ind1=" " ind2=" " tag="580"><subfield code="a">On masthead: "Continuance of Stark plaindealer" Sept. 4, 1896-.</subfield></datafield><datafield ind1="1" ind2=" " tag="700"><subfield code="a">Woods, O. F.</subfield></datafield><datafield ind1=" " ind2=" " tag="752"><subfield code="a">United States</subfield><subfield code="b">Kansas</subfield><subfield code="c">Allen</subfield><subfield code="d">Moran.</subfield></datafield><datafield ind1="0" ind2="0" tag="780"><subfield code="t">Stark plaindealer</subfield><subfield code="w">(DLC)sn 85030610</subfield></datafield></record>